% Encoding: UTF-8


@Article{HuoBar2005,
  author    = {Huo, Liguo and Baron, Luc},
  title     = {Kinematic inversion of functionally-redundant serial manipulators: application to arc-welding},
  journal   = {Transactions of the Canadian Society for Mechanical Engineering},
  year      = {2005},
  volume    = {29},
  number    = {4},
  pages     = {679--690},
  publisher = {NRC Research Press},
}

@Article{HuoBar2008,
  author    = {Huo, Liguo and Baron, Luc},
  title     = {The joint-limits and singularity avoidance in robotic welding},
  journal   = {Industrial Robot: An International Journal},
  year      = {2008},
  volume    = {35},
  number    = {5},
  pages     = {456--464},
  publisher = {Emerald Group Publishing Limited}
}

@Article{HuoBar2011,
  author    = {Huo, Liguo and Baron, Luc},
  title     = {The self-adaptation of weights for joint-limits and singularity avoidances of functionally redundant robotic-task},
  journal   = {Robotics and Computer-Integrated Manufacturing},
  year      = {2011},
  volume    = {27},
  number    = {2},
  pages     = {367--376},
  publisher = {Elsevier}
}

@PhdThesis{Huo2009,
  author      = {Huo, Liguo},
  title       = {Robotic joint-motion optimization of functionally-redundant tasks for joint-limits and singularity avoidance},
  year        = {2009},
  school = {University of Montreal, Canada}
}

@TechReport{Huo2006,
  author      = {Liguo Huo},
  title       = {Inverse kinematics of robotized functionally and intrinsically redundant tasks},
  institution = {University of Montreal, Canada},
  year        = {2006}
}


@InProceedings{Baron2000,
  author    = {Baron, Luc},
  title     = {A joint-limits avoidance strategy for arc-welding robots},
  booktitle = {Int. Conf. on Integrated Design and Manufacturing in Mech. Eng},
  year      = {2000},
  pages     = {16--19}
}



@Article{GoldenbergBenFen1985,
  author    = {Goldenberg, Andrew and Benhabib, Beno and Fenton, Robert},
  title     = {A complete generalized solution to the inverse kinematics of robots},
  journal   = {IEEE Journal on Robotics and Automation},
  year      = {1985},
  volume    = {1},
  number    = {1},
  pages     = {14--20},
  publisher = {IEEE}
}


@InProceedings{Zlajpah2017,
  author       = {Žlajpah, Leon},
  title        = {On orientation control of functional redundant robots},
  booktitle    = {Robotics and Automation (ICRA), 2017 IEEE International Conference on},
  year         = {2017},
  organization = {IEEE},
  pages        = {2475--2482}
}


@InProceedings{Yoshikawa1984,
  author       = {Yoshikawa, Tsuneo},
  title        = {Analysis and control of robot manipulators with redundancy},
  booktitle    = {Robotics research: the first international symposium},
  year         = {1984},
  organization = {MIT press Cambridge, MA},
  pages        = {735--747}
}



@Article{LegerAng2016,
  author    = {Léger, J. and Angeles, J.},
  title     = {Off-line programming of six-axis robots for optimum five-dimensional tasks},
  journal   = {Mechanism and Machine Theory},
  year      = {2016},
  volume    = {100},
  pages     = {155--169},
  publisher = {Elsevier}
}

@InProceedings{LegerAng2015,
  author    = {Léger, J and Angeles, J},
  title     = {A Redundancy-resolution Algorithm for Five-degree-of-freedom Tasks via Sequential Quadratic Programming},
  booktitle = {TrC-IFToMM Symposium on Theory of Machines and Mechanisms,, Izmir},
  year      = {2015}
}

